@InProceedings{ErolHTNExpressivity,
  author  = {Kutluhan Erol and James A. Hendler and Dana S. Nau},
  booktitle = {Annals of Mathematics and Artificial Intelligence},
  title   = {Complexity Results for {HTN} Planning},
  year    = {1996},
  pages   = {69--93},
  volume  = {18},
}


@Book{IntroGhallab,
  author    = {Malik Ghallab and Dana S. Nau and Paolo Traverso},
  publisher = {Elsevier},
  title     = {Automated Planning -- Theory and Practice},
  year      = {2004},
}

@InProceedings{DanielPlanRecognition,
  author    = {Daniel Neller and Gregor Behnke and Pascal Bercher and Susanne Biundo},
  booktitle = {Proceedings of the 30th International Conference on Tools with Artificial Intelligence, {ICTAI} 2018},
  title     = {Plan and Goal Recognition as {HTN} Planning},
  year      = {2018},
  pages     = {466--473},
  publisher = {{IEEE}},
}


@inproceedings{LanguageClassificationPlanning,
  title     = {Language Classification of Hierarchical Planning Problems},
  author    = {Daniel H\"{o}ller and Gregor Behnke and Pascal Bercher and  Susanne Biundo},
  booktitle = {Proceedings of the 21st European Conference on Artificial Intelligence, {ECAI} 2014},
  year      = {2014},
  pages     = {447--452},
  publisher = {{IOS} Press},
  
}

@inproceedings{PCPDomain,
  title                    = {From {PCP} to {HTN} Planning Through {CFG}s},
  author                   = {Daniel H\"oller and Songtuan Lin and Kutluhan Erol and Pascal Bercher},
  booktitle                = {Proceedings of 10th International Planning Competition: Planner and Domain Abstracts -- Hierarchical Task Network (HTN) Planning Track, {IPC} 2020},
  year                     = {2021},
  pages                    = {24--25},
}

@inproceedings{HTNSurvey,
  title                    = {A Survey on Hierarchical Planning –
One Abstract Idea, Many Concrete Realizations},
  author                   = {Pascal Bercher and Ron Alford and Daniel H\"oller},
  booktitle                = {Proceedings of the Twenty-Eighth International Joint Conference on Artificial Intelligence, {ICJAI} 2019},
  year                     = {2019},
  pages                    = {6267--6275},
}


@inproceedings{Alford2015TightHTNBounds,
	title = {Tight Bounds for {HTN} Planning},
	year = {2015},
	publisher = {{AAAI} Press},
	booktitle = {Proceedings of the 25th International Conference on Automated Planning and Scheduling, {ICAPS} 2015},
	pages = {7--15},
	author = {Ron Alford and Pascal Bercher and David Aha}
}

@inproceedings{ConnyPreEstimation,
  author  = {Conny Olz and Susanne Biundo and Pascal Bercher},
  booktitle = {Proceedings of the Thirty-Fifth AAAI Conference on Artificial Intelligence, {AAAI} 2021},
  title   = {Revealing Hidden Preconditions and Effects of Compound {HTN} Planning Tasks -- A Complexity Analysis},
  year    = {2021},
  pages={11903--11912},
}
 
@inproceedings{HollerTOAD,
  author  = {Daniel H{\"{o}}ller},
  booktitle = {Proceedings of the 31st International Conference on Automated Planning and Scheduling, {ICAPS} 2021},
  title   = {Translating Totally Ordered {HTN} Planning Problems to Classical Planning Problems Using Regular Approximation of Context-Free Languages},
  year    = {2021},
  pages={11903--11912},
  publisher = {{AAAI} Press},
} 

@InProceedings{Geier2011TIHTNDecidability,
	author     = {Thomas Geier and Pascal Bercher},
	title      = {On the Decidability of {HTN} Planning with Task Insertion},
	booktitle  = {Proceedings of the 22nd International Joint Conference on Artificial Intelligence, {IJCAI} 2011},
	year       = {2011},
	pages      = {1955--1961},
	publisher  = {{AAAI} Press},
}


@inproceedings{panda,
	title={The {PANDA} Framework for Hierarchical Planning},
	year={2021},
	author={Daniel H{\"{o}}ller and Gregor Behnke and Pascal Bercher and Susanne Biundo},
	booktitle={K{\"{u}}nstliche Intelligenz, {KI} 2021, },
	volume={35},
	pages={391--396}, 
}


@inproceedings{progressionsearchJAIR20,		
	author={Daniel H{\"{o}}ller and Gregor Behnke and Susanne Biundo},
	title={{HTN} Planning as Heuristic Progression Search},
	booktitle={Journal of Artificial Intelligence Research, {JAIR} 2020},
	volume={67},
	pages={835--880},
	year={2020},
	
}

@inproceedings{landmarkHPLan2020, 
	author={Daniel H{\"{o}}ller and Pascal Bercher},
	title={Landmark Extraction in {HTN} Planning},
	booktitle={Proceedings of the 3rd {ICAPS} Workshop on Hierarchical Planning, {HP}lan 2020},
	year={2020}, 
}


@inproceedings{Add,
	author={Blai Bonet and Hector Geffner},
	title={Planning as heuristic search},
	booktitle={Artificial Intelligence},
	year={2001},
	volume={129},
	pages={129(1-2):5–33},
}

@inproceedings{FF,
	author={J{\"{o}}rg Hoffmann and Bernhard Nebel},
	title={The {FF} planning system: Fast plan generation through heuristic search},
	booktitle={Journal of Artificial Intelligence Research, 14:253–302},
	year={2001},
}

@inproceedings{LM-Cut,
	author = {Malte Helmert and Carmel Domshlak},
	title = {Landmarks, critical paths and abstractions: What’s the difference anyway?},
	booktitle={Proc. of the 19th International Conference on Automated Planning and Scheduling, {ICAPS} 2009},
	pages={162--169},
	publisher={ {AAAI} Press}, 
	year={2009},
}


@inproceedings{useClassicalHeuristicIJCAI19,
	author={Daniel H{\"{o}}ller and Pascal Bercher and Gregor Behnke and Susanne Biundo},
	title={On Guiding Search in {HTN} Planning with Classical Planning Heuristics},
	booktitle={Proceedings of the 28th International Joint Conference on Artificial Intelligence, {IJCAI} 2019},
	year={2019},
	publisher  = {{AAAI} Press},
	pages={6171--6175},
}

@inproceedings{useClassicalHuristicICAPS18,
	author={Daniel H{\"{o}}ller and Pascal Bercher and Gregor Behnke and Susanne Biundo},
	title={A Generic Method to Guide {HTN} Progression Search with Classical Heuristics},
	booktitle={Proceedings of the 28th International Conference on Automated Planning and Scheduling, {ICAPS} 2018},
	publisher={{AAAI} Press},
	year={2018}, 
	pages={114--122},
}



@inproceedings{Lilotane,
	author     = {Dominik Schreiber},
	title      = {Lifted Logic for Task Networks: {TOHTN} Planner Lilotane in the {IPC} 2020},
	booktitle = {Journal of Artificial Intelligence Research, {JAIR} 2021},
	volume     = {70},
	year       = {2021},
	pages      = {1117--1181},
}

@inproceedings{hypertension,
  title={HyperTensioN: A three-stage compiler for planning},
  author={Maur{\'\i}cio Cecilio Magnaguagno and Felipe Meneguzzi and Lavindra de Silva},
  booktitle={Proceedings of the 10th International Planning Competition:
Planner and Domain Abstracts – Hierarchical Task Network ({HTN}) Planning Track},
  year      = {2021},
  pages     = {5--8},
}

@inproceedings{mentionedliterals,
	title={Summary Information for Reasoning About Hierarchical Plans},
	author={Lavindra de Silva and Sebastian Sardina and Lin Padgham},
	year = {2016},
	publisher={{IOS} Press},
	booktitle = {Proceedings of the Twenty-Second European Conference on Artificial Intelligence, {ECAI} 2016},
	pages = {1300--1308},
}



@InProceedings{Bercher2020POPvsPOCL,
	author    = {Pascal Bercher and Conny Olz},
	title     = {{POP} $\equiv$ {POCL}, right? Complexity Results for Partial Order (Causal Link) Makespan Minimization},
	booktitle = {Proceedings of the 34th AAAI Conference on Artificial Intelligence, {AAAI} 2020},
	year      = {2020},
	pages     = {9785--9793},
	publisher = {{AAAI} Press},
}
 
@InProceedings{Bercher2021POCLComplexities,
	author     = {Pascal Bercher},
	title      = {A Closer Look at Causal Links: Complexity Results for Delete-Relaxation in Partial Order Causal Link ({POCL}) Planning},
	booktitle  = {Proceedings of the 31st International Conference on Automated Planning and Scheduling, {ICAPS} 2021},
	year       = {2021},
	pages      = {36--45},
	publisher  = {{AAAI} Press},
}

@inproceedings{NEBEL1994125,
title = {On the computational complexity of temporal projection, planning, and plan validation},
booktitle = {Artificial Intelligence},
volume = {66}, 
pages = {125--160},
year = {1994}, 
author = {Bernhard Nebel and Christer B{\"{a}}ckstr{\"{o}}m},
}

@InProceedings{TanGruningerPOPlanComplexity,
	title={The Complexity of Partial-Order Plan Viability Problems},
	author={Xing Tan and Michael Gruninger},
	booktitle = {Proceedings of the International Conference on Automated Planning and Scheduling, {ICAPS} 2014}, 
	publisher  = {{AAAI} Press},
	year={2014},
	volume={24}, 
	pages={307--313}, 
}
