@InProceedings{McCluskey2017EngineeringKnowledge,
  author    = {Thomas Leo McCluskey and Tiago Stegun Vaquero and Mauro Vallati},
  booktitle = {{K-CAP} 2017},
  title     = {Engineering Knowledge for Automated Planning: Towards a Notion of Quality},
  year      = {2017},
  pages     = {14:1--14:8},
  publisher = {{ACM}},
}

@InProceedings{Myers2003MixInitiativePlanning,
  author    = {Karen L. Myers and Peter Jarvis and Mabry Tyson and Michael Wolverton},
  booktitle = {{ICAPS} 2003},
  title     = {A Mixed-initiative Framework for Robust Plan Sketching},
  year      = {2003},
  pages     = {256--266},
  publisher = {{AAAI}},
}


@Article{Bensalem2014PlanningSchedulingVerification,
  author  = {Saddek Bensalem and Klaus Havelund and Andrea Orlandini},
  journal = {International Journal on Software Tools for Technology Transfer},
  title   = {Verification and validation meet planning and scheduling},
  year    = {2014},
  number  = {1},
  pages   = {1--12},
  volume  = {16},
}

@InProceedings{Bartak2018PlanVerification,
  author    = {Roman Bart{\'{a}}k and Adrien Maillard and Rafael Cau{\^{e}} Cardoso},
  booktitle = {{ICAPS} 2018},
  title     = {Validation of Hierarchical Plans via Parsing of Attribute Grammars},
  year      = {2018},
  pages     = {11--19},
  publisher = {{AAAI}},
}


@InProceedings{Bartak2020PlanVerification,
  author    = {Roman Bart{\'{a}}k and Simona Ondr{č}kov{\'{a}} and Adrien Maillard and Gregor Behnke and Pascal Bercher},
  booktitle = {{ICTAI} 2020},
  title     = {A Novel Parsing-based Approach for Verification of Hierarchical Plans},
  year      = {2020},
  pages     = {118--125},
  publisher = {{IEEE}},
}


@InProceedings{Behnke2017PlanVerification,
  author    = {Gregor Behnke and Daniel H{\"{o}}ller and Susanne Biundo},
  booktitle = {P{ICAPS} 2017},
  title     = {This Is a Solution! {(...} But Is It Though?) - Verifying Solutions of Hierarchical Planning Problems},
  year      = {2017},
  pages     = {20--28},
  publisher = {{AAAI}},
}

@InProceedings{Hoeller2022VerifyViaPlanning,
  author    = {Daniel H\"oller and Julia Wichlacz and Pascal Bercher and Gregor Behnke},
  booktitle = {{ICAPS} 2022},
  title     = {Compiling HTN Plan Verification Problems into HTN Planning Problems},
  year      = {2022},
  publisher = {{AAAI}},
}

@InProceedings{Bartak2021TOVerification,
  author    = {Roman Bart{\'{a}}k and Simona Ondr{č}kov{\'{a}} and Gregor Behnke and Pascal Bercher},
  booktitle = {{ICTAI} 2021},
  title     = {On the Verification of Totally-Ordered {HTN} Plans},
  year      = {2021},
  pages     = {263--267},
  publisher = {{IEEE}},
}


@InProceedings{Hoeller2014Expressviness,
  author    = {Daniel H{\"{o}}ller and Gregor Behnke and Pascal Bercher and Susanne Biundo},
  booktitle = {Proceedings of the 21st European Conference on Artificial Intelligence, {ECAI} 2014},
  title     = {Language Classification of Hierarchical Planning Problems},
  year      = {2014},
  pages     = {447--452},
  publisher = {{IOS}},
}

@Book{Hopcroft2007AutomataTheory,
  author    = {John E. Hopcroft and Rajeev Motwani and Jeffrey D. Ullman},
  publisher = {Addison-Wesley},
  title     = {Introduction to Automata Theory, Languages, and Computation},
  year      = {2007},
}

@InProceedings{Geier2011HTNFormalism,
  author    = {Thomas Geier and Pascal Bercher},
  booktitle = {{IJCAI} 2011},
  title     = {On the Decidability of {HTN} Planning with Task Insertion},
  year      = {2011},
  pages     = {1955--1961},
  publisher = {{IJCAI}},
}

@InProceedings{Bercher2019Survey,
  author    = {Pascal Bercher and Ron Alford and Daniel H{\"{o}}ller},
  booktitle = {{IJCAI} 2019},
  title     = {A Survey on Hierarchical Planning - One Abstract Idea, Many Concrete Realizations},
  year      = {2019},
  pages     = {6267--6275},
  publisher = {{IJCAI}},
}

@InProceedings{Behnke2020HTNGrounding,
  author    = {Gregor Behnke and Daniel H{\"{o}}ller and Alexander Schmid and Pascal Bercher and Susanne Biundo},
  booktitle = {{AAAI} 2020},
  title     = {On Succinct Groundings of {HTN} Planning Problems},
  year      = {2020},
  pages     = {9775--9784},
  publisher = {{AAAI} },
}

@InProceedings{Bercher2014HybridHeuristics,
  author    = {Pascal Bercher and Shawn Keen and Susanne Biundo},
  booktitle = {{SOCS} 2014},
  title     = {Hybrid Planning Heuristics Based on Task Decomposition Graphs},
  year      = {2014},
  pages     = {35--43},
  publisher = {{AAAI}},
}

@InProceedings{Bercher2017HTNHeuristic,
  author    = {Pascal Bercher and Gregor Behnke and Daniel H{\"{o}}ller and Susanne Biundo},
  booktitle = {{IJCAI} 2017},
  title     = {An Admissible {HTN} Planning Heuristic},
  year      = {2017},
  pages     = {480--488},
  publisher = {{IJCAI}},
}


@InProceedings{Behnke2018totSAT,
  author    = {Gregor Behnke and Daniel H{\"{o}}ller and Susanne Biundo},
  booktitle = {{AAAI} 2018},
  title     = {totSAT - Totally-Ordered Hierarchical Planning Through {SAT}},
  year      = {2018},
  pages     = {6110--6118},
  publisher = {{AAAI}},
}

@inproceedings{Bartak2021CorrectingPlans,
    title     = {Correcting Hierarchical Plans by Action Deletion},
    author    = {Roman Bart{\'{a}}k and Simona Ondr{č}kov{\'{a}} and Gregor Behnke and Pascal Bercher},
    booktitle = {{KR} 2021},
    publisher = {{IJCAI}},
    pages     = {99--109},
    year      = {2021},
    month     = {11},
  }


@InProceedings{Behnke2021SymbolicSearchTOHTN,
  author    = {Gregor Behnke and David Speck},
  booktitle = {{AAAI} 2021},
  title     = {Symbolic Search for Optimal Total-Order {HTN} Planning},
  year      = {2021},
  pages     = {11744--11754},
  publisher = {{AAAI}},
}

@InProceedings{Sakai1961CYK,
  author    = {Itiroo Sakai},
  booktitle = {Proceedings of the International Conference on Machine Translation and Applied Language Analysis},
  title     = {Syntax in Universal Translation},
  year      = {1961},
  pages     = {593 -- 608},
}


@Article{Hoeller2021PANDA,
  author    = {Daniel H{\"{o}}ller and Gregor Behnke and Pascal Bercher and Susanne Biundo},
  journal   = {K{\"{u}}nstliche Intelligenz},
  title     = {The {PANDA} Framework for Hierarchical Planning},
  year      = {2021},
  number    = {3},
  pages     = {391--396},
  volume    = {35},
}


@Article{Chomsky1959CNF,
  author  = {Noam Chomsky},
  journal = {Information and Control},
  title   = {On Certain Formal Properties of Grammars},
  year    = {1959},
  number  = {2},
  pages   = {137--167},
  volume  = {2},
}

@Article{Erol1996HTNComplexity,
  author  = {Kutluhan Erol and James A. Hendler and Dana S. Nau},
  journal = {Annals of Mathematics and Artificial Intelligence},
  title   = {Complexity Results for {HTN} Planning},
  year    = {1996},
  number  = {1},
  pages   = {69--93},
  volume  = {18},
}

@Article{Lange2009TwoNormForm,
  author  = {Martin Lange and Hans Lei{\ss}},
  journal = {Informatica Didactica},
  title   = {To {CNF} or not to CNF? An Efficient Yet Presentable Version of the {CYK} Algorithm},
  year    = {2009},
  volume  = {8},
  pages   = {1--21},
}


@Article{Earley1970Parser,
  author    = {Jay Earley},
  journal   = {Communications of the ACM},
  title     = {An Efficient Context-Free Parsing Algorithm},
  year      = {1970},
  number    = {2},
  pages     = {94--102},
  volume    = {13},
  publisher = {Association for Computing Machinery},
}

@InProceedings{Lin2022LTLExpressivity,
  author    = {Songtuan Lin and Pascal Bercher},
  booktitle = {{ICAPS} 2022},
  title     = {On the Expressive Power of Planning Formalisms in Conjunction with LTL},
  year      = {2022},
  publisher = {{AAAI}},
}
