@InProceedings{ErolHTNExpressivity,
	author  = {Kutluhan Erol and James A. Hendler and Dana S. Nau},
	booktitle = {Annals of Mathematics and Artificial Intelligence},
	title   = {Complexity Results for {HTN} Planning},
	year    = {1996},
	pages   = {69--93},
	volume  = {18},
}


@Book{IntroGhallab,
	author    = {Malik Ghallab and Dana S. Nau and Paolo Traverso},
	publisher = {Elsevier},
	title     = {Automated Planning -- Theory and Practice},
	year      = {2004},
}

@InProceedings{DanielPlanRecognition,
	author    = {Daniel Neller and Gregor Behnke and Pascal Bercher and Susanne Biundo},
	booktitle = {Proceedings of the 30th International Conference on Tools with Artificial Intelligence, {ICTAI} 2018},
	title     = {Plan and Goal Recognition as {HTN} Planning},
	year      = {2018},
	pages     = {466--473},
	publisher = {{IEEE}},
}


@inproceedings{LanguageClassificationPlanning,
	title     = {Language Classification of Hierarchical Planning Problems},
	author    = {Daniel  H{\"{o}}ller and Gregor Behnke and Pascal Bercher and  Susanne Biundo},
	booktitle = {Proceedings of the 21st European Conference on Artificial Intelligence, {ECAI} 2014},
	year      = {2014},
	pages     = {447--452},
	publisher = {{IOS} Press},
	
}

@inproceedings{PCPDomain,
	title                    = {From {PCP} to {HTN} Planning Through {CFG}s},
	author                   = {Daniel  H{\"{o}}ller and Songtuan Lin and Kutluhan Erol and Pascal Bercher},
	booktitle                = {Proceedings of 10th International Planning Competition: Planner and Domain Abstracts -- Hierarchical Task Network (HTN) Planning Track, {IPC} 2020},
	year                     = {2021},
	pages                    = {24--25},
}

@inproceedings{HTNSurvey,
	title                    = {A Survey on Hierarchical Planning –
	One Abstract Idea, Many Concrete Realizations},
	author                   = {Pascal Bercher and Ron Alford and Daniel H{\"{o}}ller},
	booktitle                = {Proceedings of the 28th International Joint Conference on Artificial Intelligence, {IJCAI} 2019},
	year                     = {2019},
	pages                    = {6267--6275},
}


@inproceedings{Alford2015TightHTNBounds,
	title = {Tight Bounds for {HTN} Planning},
	year = {2015},
	publisher = {{AAAI} Press},
	booktitle = {Proceedings of the 25th International Conference on Automated Planning and Scheduling, {ICAPS} 2015},
	pages = {7--15},
	author = {Ron Alford and Pascal Bercher and David Aha}
}

@inproceedings{ConnyPreEstimation,
	author  = {Conny Olz and Pascal Bercher},
	booktitle = {Proceedings of the 5th ICAPS Workshop on Hierarchical Planning, {HPlan} 2022},
	title   = {On the Efficient Inference of Preconditions and Effects of Compound Tasks in Partially Ordered HTN Planning Domains},
	year    = {2022},
	pages={47--51}
}

@inproceedings{HollerTOAD,
	author  = {Daniel H{\"{o}}ller},
	booktitle = {Proceedings of the 31st International Conference on Automated Planning and Scheduling, {ICAPS} 2021},
	title   = {Translating Totally Ordered {HTN} Planning Problems to Classical Planning Problems Using Regular Approximation of Context-Free Languages},
	year    = {2021},
	pages={11903--11912},
	publisher = {{AAAI} Press}
} 


@inproceedings{POtoSAT,
	title     = {Bringing Order to Chaos -- A Compact Representation of Partial Order in {SAT}-based {HTN} Planning},
	author    = {Gregor Behnke and Daniel  H{\"{o}}ller and Susanne Biundo},
	booktitle= {Proceedings of the {AAAI} Conference on Artificial Intelligence},
	publisher = {{AAAI} Press},
	volume={33},
	pages     = {7520--7529},
	year      = {2019}
}


@inproceedings{HTN2SAS,
	title={Making Translations to Classical Planning Competitive with Other {HTN} Planners},
	author={Gregor Behnke and Florian Pollitt and Daniel H{\"{o}}ller and Pascal Bercher and Ron Alford},
	booktitle = {Proceedings of the {AAAI} Conference on Artificial Intelligence, {AAAI} 2022},
	year = {2022}	
}

@inproceedings{HTN2STRIPS,
	author={Ron Alford and Gregor Behnke and Daniel H{\"{o}}ller and Pascal Bercher and Susanne Biundo and David Aha},
	year={2016},
	title={Bound to Plan: Exploiting Classical Heuristics via Automatic Translations of Tail-Recursive
	{HTN} Problems},
	booktitle={Proceedings of the 26th International Conference on Automated Planning and Scheduling, {ICAPS}
	2016}, 
	pages={20--28},
	publisher={{AAAI} Press}
}


@inproceedings{Behnke_Speck_2021, 
	title={Symbolic Search for Optimal Total-Order HTN Planning}, volume={35}, 
	journal={Proceedings of the {AAAI} Conference on Artificial Intelligence, {AAAI} 2021 }, 
	author={Gregor Behnke and David Speck}, year={2021}, month={May}, pages={11744--11754} }

@inproceedings{OptimalPOtoSAT,
	title     = {Finding Optimal Solutions in {HTN} Planning - A {SAT}-based Approach},
	author    = {Gregor Behnke and Daniel H{\"{o}}ller and Susanne Biundo},
	booktitle = {Proceedings of the Twenty-Eighth International Joint Conference on Artificial Intelligence, {IJCAI} 2019},
	publisher = {International Joint Conferences on Artificial Intelligence Organization},
	pages     = {5500--5508},
	year      = {2019}
}

@inproceedings{TOtoSAT,
	author    = {Gregor Behnke and Daniel H{\"{o}}ller and Susanne Biundo},
	title={totSAT – Totally-Ordered Hierarchical Planning through SAT},
	booktitle= {Proceedings of the 32nd AAAI Conference on Artificial Intelligence, {AAAI} 2018},
	publisher  = {{AAAI} Press},
	year={2018},
	pages = {6110--6118}	
}

@InProceedings{Geier2011TIHTNDecidability,
	author     = {Thomas Geier and Pascal Bercher},
	title      = {On the Decidability of {HTN} Planning with Task Insertion},
	booktitle  = {Proceedings of the 22nd International Joint Conference on Artificial Intelligence, {IJCAI} 2011},
	year       = {2011},
	pages      = {1955--1961},
	publisher  = {{AAAI} Press},
}


@inproceedings{panda,
	title={The {PANDA} Framework for Hierarchical Planning},
	year={2021},
	author={Daniel H{\"{o}}ller and Gregor Behnke and Pascal Bercher and Susanne Biundo},
	booktitle={K{\"{u}}nstliche Intelligenz, {KI} 2021},
	volume={35},
	pages={391--396}, 
}

@InProceedings{Behnke2020Grounding,
	author    = {Gregor Behnke and Daniel H{\"{o}}ller and Alexander Schmid and Pascal Bercher and Susanne Biundo},
	title     = {On Succinct Groundings of {HTN} Planning Problems},
	booktitle = {Proceedings of the 34th {AAAI} Conference on Artificial Intelligence, {AAAI} 2020},
	year      = {2020},
	pages     = {9775--9784},
	publisher = {{AAAI} Press}
}



@inproceedings{progressionsearchJAIR20,		
	author={Daniel H{\"{o}}ller and Gregor Behnke and Susanne Biundo},
	title={{HTN} Planning as Heuristic Progression Search},
	booktitle={Journal of Artificial Intelligence Research, {JAIR} 2020},
	volume={67},
	pages={835--880},
	year={2020},
	
}

@inproceedings{landmarkHPLan2020, 
	author={Daniel H{\"{o}}ller and Pascal Bercher},
	title={Landmark Extraction in {HTN} Planning},
	booktitle={Proceedings of the 3rd {ICAPS} Workshop on Hierarchical Planning, {HP}lan 2020},
	year={2020}, 
}


@inproceedings{Add,
	author={Blai Bonet and Hector Geffner},
	title={Planning as heuristic search},
	booktitle={Artificial Intelligence},
	year={2001},
	volume={129},
	pages={129(1-2):5–33},
}

@inproceedings{FF,
	author={J{\"{o}}rg Hoffmann and Bernhard Nebel},
	title={The {FF} planning system: Fast plan generation through heuristic search},
	booktitle={Journal of Artificial Intelligence Research, 14:253–302},
	year={2001},
}

@inproceedings{LM-Cut,
	author = {Malte Helmert and Carmel Domshlak},
	title = {Landmarks, critical paths and abstractions: What’s the difference anyway?},
	booktitle={Proc. of the 19th International Conference on Automated Planning and Scheduling, {ICAPS} 2009},
	pages={162--169},
	publisher={ {AAAI} Press}, 
	year={2009},
}


@inproceedings{useClassicalHeuristicIJCAI19,
	author={Daniel H{\"{o}}ller and Pascal Bercher and Gregor Behnke and Susanne Biundo},
	title={On Guiding Search in {HTN} Planning with Classical Planning Heuristics},
	booktitle={Proceedings of the 28th International Joint Conference on Artificial Intelligence, {IJCAI} 2019},
	year={2019},
	publisher  = {{AAAI} Press},
	pages={6171--6175},
}

@inproceedings{useClassicalHuristicICAPS18,
	author={Daniel H{\"{o}}ller and Pascal Bercher and Gregor Behnke and Susanne Biundo},
	title={A Generic Method to Guide {HTN} Progression Search with Classical Heuristics},
	booktitle={Proceedings of the 28th International Conference on Automated Planning and Scheduling, {ICAPS} 2018},
	publisher={{AAAI} Press},
	year={2018}, 
	pages={114--122},
}



@inproceedings{Lilotane,
	author     = {Dominik Schreiber},
	title      = {Lifted Logic for Task Networks: {TOHTN} Planner Lilotane in the {IPC} 2020},
	booktitle = {Proceedings of the 10th International Planning Competition:
	Planner and Domain Abstracts – Hierarchical Task Network ({HTN}) Planning Track, {IPC} 2020},
	year       = {2021},
	pages      = {9--12},
}

@inproceedings{siadex,
	title={Addressing HTN Planning with Blind Depth First Search*},
	author={Juan Fernandez-Olivares and Ignacio Vellido and Luis Castillo},
	booktitle = {Proceedings of the 10th International Planning Competition:
	Planner and Domain Abstracts – Hierarchical Task Network ({HTN}) Planning Track, {IPC} 2020},
	year={2021},
	pages={1--4}
}

@inproceedings{hypertension,
	title={HyperTensioN: A three-stage compiler for planning},
	author={Maur{\'\i}cio Cecilio Magnaguagno and Felipe Meneguzzi and Lavindra de Silva},
	booktitle={Proceedings of the 10th International Planning Competition:
	Planner and Domain Abstracts – Hierarchical Task Network ({HTN}) Planning Track, {IPC} 2020},
	year      = {2021},
	pages     = {5--8},
}

@inproceedings{PDDL4J,
	author={Damien Pellier and Humbert Fiorino},
	vookttile={Proceedings of the 10th International Planning Competition: Planner and Domain Abstracts -- Hierarchical Task Network ({HTN}) Planning Track, {IPC} 2020},
	pages={17--18}, 
	year={2021}
} 

@inproceedings{mentionedliterals,
	title={Summary Information for Reasoning About Hierarchical Plans},
	author={Lavindra de Silva and Sebastian Sardina and Lin Padgham},
	year = {2016},
	publisher={{IOS} Press},
	booktitle = {Proceedings of the Twenty-Second European Conference on Artificial Intelligence, {ECAI} 2016},
	pages = {1300--1308},
}



@InProceedings{Bercher2020POPvsPOCL,
	author    = {Pascal Bercher and Conny Olz},
	title     = {{POP} $\equiv$ {POCL}, right? Complexity Results for Partial Order (Causal Link) Makespan Minimization},
	booktitle = {Proceedings of the 34th AAAI Conference on Artificial Intelligence, {AAAI} 2020},
	year      = {2020},
	pages     = {9785--9793},
	publisher = {{AAAI} Press},
}

@InProceedings{Bercher2021POCLComplexities,
	author     = {Pascal Bercher},
	title      = {A Closer Look at Causal Links: Complexity Results for Delete-Relaxation in Partial Order Causal Link ({POCL}) Planning},
	booktitle  = {Proceedings of the 31st International Conference on Automated Planning and Scheduling, {ICAPS} 2021},
	year       = {2021},
	pages      = {36--45},
	publisher  = {{AAAI} Press},
}

@inproceedings{NEBEL1994125,
	title = {On the computational complexity of temporal projection, planning, and plan validation},
	booktitle = {Artificial Intelligence},
	volume = {66}, 
	pages = {125--160},
	year = {1994}, 
	author = {Bernhard Nebel and Christer B{\"{a}}ckstr{\"{o}}m},
}

@inproceedings{KambhampatiModalTruth1996,
	title = {On the nature and role of modal truth criteria in planning},
	booktitle = {AIJ},
	volume = {82}, 
	pages = {129--155},
	year = {1996}, 
	author = {Subbarao Kambhampati and Dana S. Nau},
}

@inproceedings{DeleteRelaxation,
	title = {On Delete Relaxation in Partial-Order Causal-Link Planning},
	booktitle = {Proceedings of the 30th International Conference on Tools with Artificial Intelligence, {ICTAI} 2013},
	publisher= {{IEEE} Computer Society},
	volume = {82}, 
	pages = {674--681},
	year = {2013}, 
	author = {Pascal Bercher and T Geier and F Richter and Susanne Biundo},
}




@InProceedings{TanGruningerPOPlanComplexity,
	title={The Complexity of Partial-Order Plan Viability Problems},
	author={Xing Tan and Michael Gruninger},
	booktitle = {Proceedings of the International Conference on Automated Planning and Scheduling, {ICAPS} 2014}, 
	publisher  = {{AAAI} Press},
	year={2014},
	volume={24}, 
	pages={307--313}, 
}


@InProceedings{RINTANEN201245,
	title = {Planning as satisfiability: Heuristics},
	booktitle = {Artificial Intelligence},
	volume = {193},
	pages = {45-86},
	year = {2012}, 
	author = {Jussi Rintanen}
}

@inproceedings{Beetz2012,
	author={Michael Beetz and Dominik Jain and Lorenz Mösenlechner and Moritz Tenorth and Lars Kunze and Nico Blodow and Dejan Pangercic},
	title={Cognition-enabled autonomous robot control for the realization of home chore task intelligence},
	publisher={{IEEE}},
	year={2012},
	pages={2454-2471}
}

@inproceedings{Stock2015,
	author={Sebastian Stock and Masoumeh Mansouri and Federico Pecora and Joachim Hertzberg},
	title={Online Task Merging with a Hierarchical Hybrid Task Planner for Mobile Service Robots},
	publisher={{IEEE}},
	booktitle={EEE/RSJ International Conference on Intelligent Robots and Systems, {IROS} 2015},
	year={2015} 
}

@inproceedings{Gonzalez2017,
	author={Jos\'{e} Carlos Gonz\'{a}lez and Jos\'{e} Carlos Pulido and Fernando Fern\'{a}ndez},
	title={A three-layer planning architecture for the autonomous control of rehabilitation therapies based on social robots},
	booktitle={Cognitive Systems Research},
	year={2017},
}

@inproceedings{EUROPA2012,
	title={{EUROPA}: A Platform for AI Planning, Scheduling, Constraint Programming, and Optimization},
	author={Javier Barreiro and Matthew Boyce and Minh Do and Jeremy Frank and Michael Iatauro and
	Tatiana Kichkaylo and Paul Morris† and James Ong and Emilio Remolina and Tristan Smith and David Smith},
	booktitle = {4th International Competition on Knowledge Engineering for Planning and Scheduling, {ICKEPS} 2012},
	year={2012},
}

@inproceedings{Muscettola1998,
	author={Nicola Muscettola and Pandurang Nayak and Barney Pell and and Brian Williams},
	title={Remote agent: To boldly go where no ai system has gone before},
	booktitle={Artificial Intelligence},
	pages={5--47},
	volume={103},
	year={1998}	
}

@inproceedings{SIRIN2004377,
	title = {{HTN} planning for Web Service composition using {SHOP}2},
	journal = {Journal of Web Semantics},
	volume = {1}, 
	pages = {377-396},
	year = {2004},
	note = {International Semantic Web Conference 2003},
	author = {Evren Sirin and Bijan Parsia and Dan Wu and James Hendler and Dana Nau}
}

@inproceedings{BresinaMarsRover2005,
	year={2005},
	title={Activity Planning for the Mars Exploration Rovers},
	author= {John L. Bresina and Ari K. Jónsson and Paul H. Morris and Kanna Rajan},
	booktitle = {Proceedings of the International Conference on Automated Planning and Scheduling, {ICAPS} 2005}, 
	publisher  = {{AAAI} Press},
	year={2005},
	pages={40--49}
}


@inproceedings{Ullrich-CourseGenerationHTN-ABIS-2005,
	author = {Carsten Ullrich},
	editor = {Andreas Jedlitschka and Boris Brandherm},
	title = {Course Generation Based on HTN Planning},
	booktitle = {Proceedings of 13th Annual Workshop of the SIG Adaptivity and User Modeling in Interactive Systems},
	year = {2005},
	pages = {74--79}, 
}



@inproceedings{Sohrabi2009,
	author = {Shirin Sohrabi and Jorge A. Baier and Sheila A. McIlraith},
	title = {HTN planning with preferences},
	booktitle = {Proceedings of the 21st International Joint Conference on Artificial Intelligence, {IJCAI} 2009},
	year = {2009},
	pages = {1790--1797}, 
	publisher = {{AAAI} Press}
} 

@inproceedings{zou2010ai,
	title={AI planning and combinatorial optimization for web service composition in cloud computing},
	author={Guobing Zou and Yixin Chen and Y Yang and Ruoyun Huang and You Xu},
	booktitle={Annual International Conference on Cloud Computing and Virtualization (CCV 2010)},
	pages={28},
	year={2010}
}

@article{Silva2019,
	author={Lavindra de Silva, Lin Padgham, and Sebastian Sardina},
	title={HTN-like solutions for classical planning problems: An application to BDI agent systems}, journal={Theoretical Computer Science},
	volume={763},
	pages={12--37}, 
	year={2019}
}

@article{ChemicalSynthesis,
	author = {Connor W. Coley  and Dale A. Thomas  and Justin A. M. Lummiss  and Jonathan N. Jaworski  and Christopher P. Breen  and Victor Schultz  and Travis Hart  and Joshua S. Fishman  and Luke Rogers  and Hanyu Gao  and Robert W. Hicklin  and Pieter P. Plehiers  and Joshua Byington  and John S. Piotti  and William H. Green  and A. John Hart  and Timothy F. Jamison  and Klavs F. Jensen},
	title = {A robotic platform for flow synthesis of organic compounds informed by AI planning},
	journal = {Science},
	volume = {365},
	number = {6453},
	pages = {eaax1566},
	year = {2019}
}

@inproceedings{Zook_Riedl_2014, 
	title={Automatic Game Design via Mechanic Generation}, 
	volume={28}, 
	journal={Proceedings of the {AAAI} Conference on Artificial Intelligence},
	author={Alexander Zook and Mark Riedl}, 
	year={2014}
}

@Article{Behnke2019DIYWonderland,
	author    = {Behnke, Gregor and Schiller, Marvin and Kraus, Matthias and Pascal Bercher and Schmautz, Mario and Dorna, Michael and Dambier, Michael and Minker, Wolfgang and Glimm, Birte and Biundo, Susanne},
	title     = {Alice in {DIY} wonderland or: Instructing novice users on how to use tools in {DIY} projects},
	journal   = {{AI} Communications},
	year      = {2019},
	publisher = {{IOS} Press},
	doi       = {10.3233/AIC-180604},
	volume    = {32},
	number    = {1},
	pages     = {31--57}
}

@inproceedings{GeorgievskiSurvey2015,
	author = {Ilche	Georgievski	and	Marco Aiello},
	title={{HTN} planning: Overview, comparison, and beyond},
	booktitle={Artificial Intelligence},
	pages={124--156},
	volume={222},
	year={2015}
}

@InProceedings{Hoeller2020HDDL,
	author    = {Daniel  H{\"{o}}ller and Gregor Behnke and Pascal Bercher and Susanne Biundo and Humbert Fiorino and Damien Pellier and Ron Alford},
	title     = {{HDDL}: An Extension to {PDDL} for Expressing Hierarchical Planning Problems},
	booktitle = {Proceedings of the 34th {AAAI} Conference on Artificial Intelligence, {AAAI} 2020},
	year      = {2020},
	publisher = {{AAAI} Press},
	pages     = {9883--9891}
}

@article{BARRETT199471,
	title = {Partial-order planning: Evaluating possible efficiency gains},
	journal = {Artificial Intelligence},
	volume = {67},
	number = {1},
	pages = {71-112},
	year = {1994},
	author = {Anthony Barrett and Daniel S. Weld}
}

@inproceedings{holler2021loop,
	title={Loop Detection in the {PANDA} Planning System},
	author={H{\"o}ller, Daniel and Behnke, Gregor},
	booktitle={Proceedings of the Thirty-First International Conference on Automated Planning and Scheduling, {ICAPS} 2021},
	volume={31},
	pages={168--173},
	year={2021}
}


@inproceedings{McAllester1991SystematicNP,
	title={Systematic Nonlinear Planning},
	author={David A. McAllester and David Rosenblitt},
	booktitle={Proceedings of the 9th National Conference on Artificial Intelligence, {AAAI} 1991},
	year={1991},
	pages={634--639},
	publisher = {{AAAI} Press}
}


@article{Nau2007,
	author={Dana S. Nau},
	title={Current trends in automated planning},
	journal={AI Magazine},
	volume={28},
	pages={43--58},
	year={2007}
}


@article{young2013plans,
	title={Plans and planning in narrative generation: a review of plan-based approaches to the generation of story, discourse and interactivity in narratives},
	author={R Michael Young and Stephen Ware  and Brad Cassell and Justus Robertson},
	journal={Sprache und Datenverarbeitung, Special Issue on Formal and Computational Models of Narrative},
	volume={37},
	number={1-2},
	pages={41--64},
	year={2013}
}


@InProceedings{Bercher2014PlanRepairExecuteExplain,
	Title      = {Plan, Repair, Execute, Explain -- How Planning Helps to Assemble your Home Theater},
	Author     = {Pascal Bercher and Susanne Biundo and Thomas Geier and Thilo H{\"{o}}rnle and Florian Nothdurft and Felix Richter and Bernd Schattenberg},
	Booktitle  = {Proceedings of the 24th International Conference on Automated Planning and Scheduling, {ICAPS} 2014},
	Year       = {2014},
	Pages      = {386--394},
	Publisher  = {{AAAI} Press}
}


@InProceedings{SeegebarthExplain,
	author={Bastian Seegebarth and Felix M{\"{u}}ller and Bernd Schattenberg and Susanne Biundo}, title={Making hybrid plans more clear to human users -- A formal approach for generating sound explanations},
	booktitle={Proceedings of the 23rd International Conference on Automated Planning and Scheduling, {ICAPS} 2012}, 
	pages={225--233},
	Publisher  = {{AAAI} Press},
	year={ 2012}
}

@article{Smith_Nau_Throop_1998, 
	title={Computer Bridge: A Big Win for AI Planning}, 
	volume={19}, 
	journal={AI Magazine}, 
	author={Stephen J. Smith and Dana Nau and Tom Throop}, 
	year={1998}, month={Jun.}, pages={93} 
}